<?xml version="1.0" encoding="UTF-8"?><collection xmlns="http://www.loc.gov/MARC21/slim"><record><leader>00573nam--2200181-i-4500</leader><controlfield tag="001">000027860</controlfield><controlfield tag="002">20161230</controlfield><controlfield tag="005">20161230201037</controlfield><controlfield tag="008">060222s1000------------r-----000-0-ger-d</controlfield><datafield ind1=" " ind2=" " tag="040"><subfield code="a">IFIN-HH</subfield></datafield><datafield ind1=" " ind2=" " tag="041"><subfield code="a">ger</subfield></datafield><datafield ind1=" " ind2=" " tag="080"><subfield code="a">537.632:538.955(043)</subfield></datafield><datafield ind1="1" ind2=" " tag="100"><subfield code="a">Kruger, Wulf</subfield></datafield><datafield ind1="1" ind2="0" tag="245"><subfield code="a">Bau einer hochdruckapparatur fur optische doppelbrechungsmessungen zur untersuchung struktureller und magnetischer phasenuber-gange</subfield><subfield code="b">Dissertation</subfield><subfield code="c">Wulf kruger</subfield></datafield><datafield ind1=" " ind2=" " tag="260"><subfield code="a">Tubingen</subfield><subfield code="b">Fakultat Fur Physik</subfield><subfield code="c">1980</subfield></datafield><datafield ind1=" " ind2=" " tag="300"><subfield code="a">61P</subfield></datafield><datafield ind1=" " ind2=" " tag="852"><subfield code="a">49585</subfield><subfield code="c">539.2</subfield></datafield><datafield ind1=" " ind2=" " tag="CAT"><subfield code="a">Sys</subfield><subfield code="c">20121101</subfield><subfield code="h">170427</subfield></datafield></record></collection>